

@book{CarrollOstlieBook,
author = {Carroll, B W and Ostlie, D A},
title = {An Introduction to Modern Astrophysics},
year = {{(2007)}},
edition = {2nd}
}

@book{IlliadisBook,
author = {Illiadis, C},
title = {Nuclear Physics of Stars},
year = {{(2007)}}
}

@book{KnollBook,
author = {Knoll, G F},
title = {Radiation Detection and Measurement},
year = {{(2000)}},
edition = {3rd}
}

@book{LeoBook,
author = {Leo, W R},
title = {Techniques for Nuclear and Particle Physics Experiments},
year = {{(1994)}},
edition = {2nd}
}

@book{RyanNortonBook,
author = {Ryan, S G and Norton, A J},
title = {Stellar Evolution and Nuclear Synthesis},
year = {{(2010)}}
}

@book{RolfsRodneyBook,
author = {Rolfs, C E and Rodney, W S},
title = {Cauldrons in the Cosmos},
publisher = {University of Chicago Press},
year = {{(2005)}}
}

@book{WongBook,
author = {Wong, S M},
title = {Introductory Nuclear Physics},
publisher = {Wiley-VCH},
year = {{(1999)}}
}

@article{Lane1958,
author = {Lane, A M and Thomas, R G},
journal = {Rev. Mod. Phys.},
title = {R-Matrix Theory of Nuclear Reactions},
volume = {30},
pages = {257},
year = {{(1958)}}
}

@article{Azuma2010,
author = {Azuma, R E and Uberseder, E and Simpson, E C and Brune, C R and Costantini, H and {\relax{}de Boer}, R J and G\"orres, J and Heil, M and LeBlanc, P J and Ugalde, C and others},
journal = {Phys. Rev. C},
volume = {81},
pages = {045805},
year = {{(2010)}}
}

@book{KraneBook,
author = {Krane, K S},
title = {Introductory Nuclear Physics},
publisher = {Wiley},
year = {{(1988)}}
}
